<?xml version="1.0" encoding="UTF-8"?><record xmlns="http://www.loc.gov/MARC21/slim" xmlns:cinclude="http://apache.org/cocoon/include/1.0" xmlns:zs="http://www.loc.gov/zing/srw/">
  <leader>00491nz  a2200145n  4500</leader>
  <controlfield tag="001">no2003072651</controlfield>
  <controlfield tag="003">DLC</controlfield>
  <controlfield tag="005">20030723052646.0</controlfield>
  <controlfield tag="008">030722n| acannaabn          |a ana     c</controlfield>
  <datafield tag="010" ind1=" " ind2=" ">
    <subfield code="a">no2003072651</subfield>
  </datafield>
  <datafield tag="035" ind1=" " ind2=" ">
    <subfield code="a">(OCoLC)oca06106577</subfield>
  </datafield>
  <datafield tag="040" ind1=" " ind2=" ">
    <subfield code="a">WyU</subfield>
    <subfield code="b">eng</subfield>
    <subfield code="c">WyU</subfield>
  </datafield>
  <datafield tag="110" ind1="1" ind2=" ">
    <subfield code="a">Wyoming.</subfield>
    <subfield code="b">Commission on Juvenile Issues</subfield>
  </datafield>
  <datafield tag="410" ind1="1" ind2=" ">
    <subfield code="a">Wyoming.</subfield>
    <subfield code="b">Juvenile Issues, Commission on</subfield>
  </datafield>
  <datafield tag="670" ind1=" " ind2=" ">
    <subfield code="a">Its Report to the Legislature, 1994:</subfield>
    <subfield code="b">t.p. (Commission on Juvenile Issues) p. 1 (created by 1994 Legislature; Wyoming)</subfield>
  </datafield>
</record>